@article{dowler2010table,
  title={Table access protocol version 1.0},
  author={Dowler, Patrick and Rixon, Guy and Tody, Doug and Andrews, K and Good, J and Hanisch, R and Lemson, G and McGlynn, T and Noddle, K and Ochsenbein, F and others},
  journal={IVOA Recommendation, March},
  year={2010}
}

@inproceedings{yasuda2004astronomical,
  title={Astronomical data query language: simple query protocol for the virtual observatory},
  author={Yasuda, Naoki and Mizumoto, Yoshihiko and Ohishi, Masatoshi and O'Mullane, William and Budav{\'a}ri, Tam{\'a}s and Haridas, Vivek and Li, Nolan and Malik, Tanu and Szalay, AS and Hill, Martin and others},
  booktitle={Astronomical Data Analysis Software and Systems (ADASS) XIII},
  volume={314},
  pages={293},
  year={2004}
}

@article{williams2008simple,
  title={Simple Cone Search Version 1.03},
  author={Williams, Roy and Hanisch, Robert and Szalay, Alex and Plante, Ray},
  journal={IVOA Data Access Layer WG Reccommendation},
  year={2008}
}

@article{tody2008simple,
  title={Simple Spectral Access Protocol},
  author={Tody, D and Dolensky, M and McDowell, J and Bonnarel, F and others},
  journal={http://www. ivoa. net/Documents/REC/DAL/SSA-20080201. pdf. IVOA Standards},
  year={2008}
}

@article{tody2004simple,
  title={Simple image access specification version 1.0},
  author={Tody, Doug and Plante, Ray and Harrison, Paul},
  journal={IVOA Recommendation},
  volume={20091111},
  year={2004}
}

@article{louys2011ivoa,
  title={IVOA Recommendation: Observation Data Model Core Components and its Implementation in the Table Access Protocol Version 1.0},
  author={Louys, Mireille and Bonnarel, Francois and Schade, David and Dowler, Patrick and Micol, Alberto and Durand, Daniel and Tody, Doug and Michel, Laurent and Salgado, Jesus and Chilingarian, Igor and others},
  journal={arXiv preprint arXiv:1111.1758},
  year={2011}
}

@article{petry2012analysing,
  title={Analysing ALMA data with CASA},
  author={Petry, Dirk and others},
  journal={arXiv preprint arXiv:1201.3454},
  year={2012}
}
